@article{richman2000physiological,
  title={Physiological time-series analysis using approximate entropy and sample entropy},
  author={Richman, Joshua S and Moorman, J Randall},
  journal={American Journal of Physiology-Heart and Circulatory Physiology},
  year={2000},
  publisher={American Physiological SocietyBethesda, MD}
}

@article{costa2002multiscale,
  title={Multiscale entropy analysis of complex physiologic time series},
  author={Costa, Madalena and Goldberger, Ary L and Peng, C-K},
  journal={Physical review letters},
  volume={89},
  number={6},
  pages={068102},
  year={2002},
  publisher={APS}
}

@article{delgado2019approximate,
  title={Approximate entropy and sample entropy: A comprehensive tutorial},
  author={Delgado-Bonal, Alfonso and Marshak, Alexander},
  journal={Entropy},
  volume={21},
  number={6},
  pages={541},
  year={2019},
  publisher={Multidisciplinary Digital Publishing Institute}
}

@article{dieterich2008anomalous,
  title={Anomalous dynamics of cell migration},
  author={Dieterich, Peter and Klages, Rainer and Preuss, Roland and Schwab, Albrecht},
  journal={Proceedings of the National Academy of Sciences},
  volume={105},
  number={2},
  pages={459--463},
  year={2008},
  publisher={National Acad Sciences}
}

@article{brunton2016discovering,
  title={Discovering governing equations from data by sparse identification of nonlinear dynamical systems},
  author={Brunton, Steven L and Proctor, Joshua L and Kutz, J Nathan},
  journal={Proceedings of the national academy of sciences},
  volume={113},
  number={15},
  pages={3932--3937},
  year={2016},
  publisher={National Acad Sciences}
}

@article{kaiser2018sparse,
  title={Sparse identification of nonlinear dynamics for model predictive control in the low-data limit},
  author={Kaiser, Eurika and Kutz, J Nathan and Brunton, Steven L},
  journal={Proceedings of the Royal Society A},
  volume={474},
  number={2219},
  pages={20180335},
  year={2018},
  publisher={The Royal Society Publishing}
}

@article{kaheman2020sindy,
  title={SINDy-PI: a robust algorithm for parallel implicit sparse identification of nonlinear dynamics},
  author={Kaheman, Kadierdan and Kutz, J Nathan and Brunton, Steven L},
  journal={Proceedings of the Royal Society A},
  volume={476},
  number={2242},
  pages={20200279},
  year={2020},
  publisher={The Royal Society Publishing}
}

@article{thomas2018instantaneous,
  title={Instantaneous cell migration velocity may be ill-defined},
  author={Thomas, Gilberto L and Fortuna, Ismael and Perrone, Gabriel C and Glazier, James A and Belmonte, Julio M and de Almeida, Rita},
  journal={arXiv preprint arXiv:1810.03597},
  year={2018}
}

% twitching.bib

@article{ni2016bacteria,
  title={Bacteria differently deploy type-IV pili on surfaces to adapt to nutrient availability},
  author={Ni, Lei and Yang, Shuai and Zhang, Rongrong and Jin, Zhenyu and Chen, Hao and Conrad, Jacinta C and Jin, Fan},
  journal={NPJ biofilms and microbiomes},
  volume={2},
  number={1},
  pages={1--10},
  year={2016},
  publisher={Nature Publishing Group}
}

@article{jin2011bacteria,
  title={Bacteria use type-IV pili to slingshot on surfaces},
  author={Jin, Fan and Conrad, Jacinta C and Gibiansky, Maxsim L and Wong, Gerard CL},
  journal={Proceedings of the National Academy of Sciences},
  volume={108},
  number={31},
  pages={12617--12622},
  year={2011},
  publisher={National Acad Sciences}
}

@article{metzner2015superstatistical,
  title={Superstatistical analysis and modelling of heterogeneous random walks},
  author={Metzner, Claus and Mark, Christoph and Steinwachs, Julian and Lautscham, Lena and Stadler, Franz and Fabry, Ben},
  journal={Nature communications},
  volume={6},
  number={1},
  pages={1--8},
  year={2015},
  publisher={Nature Publishing Group}
}

@article{tala2019pseudomonas,
  title={Pseudomonas aeruginosa orchestrates twitching motility by sequential control of type IV pili movements},
  author={Tal{\`a}, Lorenzo and Fineberg, Adam and Kukura, Philipp and Persat, Alexandre},
  journal={Nature microbiology},
  volume={4},
  number={5},
  pages={774--780},
  year={2019},
  publisher={Nature Publishing Group}
}

@article{koch2021competitive,
  title={Competitive binding of independent extension and retraction motors explains the quantitative dynamics of type IV pili},
  author={Koch, Matthias D and Fei, Chenyi and Wingreen, Ned S and Shaevitz, Joshua W and Gitai, Zemer},
  journal={Proceedings of the National Academy of Sciences},
  volume={118},
  number={8},
  year={2021},
  publisher={National Acad Sciences}
}

